@inproceedings{rendle2010factorization,
  title={Factorization machines},
  author={Rendle, Steffen},
  booktitle={2010 IEEE International Conference on Data Mining},
  pages={995--1000},
  year={2010},
  organization={IEEE}
}

@inproceedings{blondel2015convex,
  title={Convex factorization machines},
  author={Blondel, Mathieu and Fujino, Akinori and Ueda, Naonori},
  booktitle={Joint European Conference on Machine Learning and Knowledge Discovery in Databases},
  pages={19--35},
  year={2015},
  organization={Springer}
}

@inproceedings{lin2016non,
  title={A Non-convex One-Pass Framework for Generalized Factorization Machine and Rank-One Matrix Sensing},
  author={Lin, Ming and Ye, Jieping},
  booktitle={Advances In Neural Information Processing Systems},
  pages={1633--1641},
  year={2016}
}

