@inproceedings{hsu2015active,
  title={Active Learning by Learning.},
  author={Hsu, Wei-Ning and Lin, Hsuan-Tien},
  booktitle={AAAI},
  pages={2659--2665},
  year={2015}
}

@article{hamilton2009statistical,
  title={Statistical and visual differentiation of subcellular imaging},
  author={Hamilton, Nicholas A and Wang, Jack TH and Kerr, Markus C and Teasdale, Rohan D},
  journal={BMC bioinformatics},
  volume={10},
  number={1},
  pages={1},
  year={2009},
  publisher={BioMed Central}
}

@inproceedings{cawley2011baseline,
  title={Baseline Methods for Active Learning.},
  author={Cawley, Gavin C},
  booktitle={Active Learning and Experimental Design@ AISTATS},
  pages={47--57},
  year={2011}
}

@article{settles2010active,
  title={Active learning literature survey},
  author={Settles, Burr},
  journal={University of Wisconsin, Madison},
  volume={52},
  number={55-66},
  pages={11},
  year={2010}
}

@article{chen2016xgboost,
  title={Xgboost: A scalable tree boosting system},
  author={Chen, Tianqi and Guestrin, Carlos},
  journal={arXiv preprint arXiv:1603.02754},
  year={2016}
}

@misc{libact,
  title = "Pool-based active learning in Python",
  year = "2016",
  url = "https://www.techempower.com/benchmarks/#section=data-r12&hw=ph&test=db"
}

@inproceedings{lewis1994heterogeneous,
  title={Heterogeneous uncertainty sampling for supervised learning},
  author={Lewis, David D and Catlett, Jason},
  booktitle={Proceedings of the eleventh international conference on machine learning},
  pages={148--156},
  year={1994}
}

@article{hamilton2009statistical,
  title={Statistical and visual differentiation of subcellular imaging},
  author={Hamilton, Nicholas A and Wang, Jack TH and Kerr, Markus C and Teasdale, Rohan D},
  journal={BMC bioinformatics},
  volume={10},
  number={1},
  pages={1},
  year={2009},
  publisher={BioMed Central}
}