@INPROCEEDINGS{Lu1, 
author={S. Rendle}, 
booktitle={2010 IEEE International Conference on Data Mining}, 
title={Factorization Machines}, 
year={2010}, 
pages={995-1000}, 
keywords={data mining;matrix decomposition;support vector machines;SVM;factorization machine;feature vector;model parameters;parameter estimation;sparse data;support vector machine;tensor factorization;factorization machine;sparse data;support vector machine;tensor factorization}, 
doi={10.1109/ICDM.2010.127}, 
ISSN={1550-4786}, 
month={Dec},}

@article{Lu2,
  title={Convex Factorization Machine for Regression},
  author={Yamada, Makoto and Goyal, Amit and Chang, Yi},
  journal={arXiv preprint arXiv:1507.01073},
  year={2015}
}

@article{Lu3,
  title={A singular value thresholding algorithm for matrix completion},
  author={Cai, Jian-Feng and Cand{\`e}s, Emmanuel J and Shen, Zuowei},
  journal={SIAM Journal on Optimization},
  volume={20},
  number={4},
  pages={1956--1982},
  year={2010},
  publisher={SIAM}
}

@inproceedings{Lu4,
  title={Proximal Riemannian Pursuit for Large-Scale Trace-Norm Minimization},
  author={Tan, Mingkui and Xiao, Shijie and Gao, Junbin and Xu, Dong and van den Hengel, Anton and Shi, Qinfeng},
  booktitle={Proceedings of the IEEE Conference on Computer Vision and Pattern Recognition},
  pages={5877--5886},
  year={2016}
}

@inproceedings{vervier2014learning,
  title={On learning matrices with orthogonal columns or disjoint supports},
  author={Vervier, Kevin and Mah{\'e}, Pierre and Dâ€™Aspremont, Alexandre and Veyrieras, Jean-Baptiste and Vert, Jean-Philippe},
  booktitle={Joint European Conference on Machine Learning and Knowledge Discovery in Databases},
  pages={274--289},
  year={2014},
  organization={Springer}
}

@article{lin2016non,
  title={A Non-convex One-Pass Framework for Generalized Factorization Machines and Rank-One Matrix Sensing},
  author={Lin, Ming and Ye, Jieping},
  journal={arXiv preprint arXiv:1608.05995},
  year={2016}
}

@article{rendle2012factorization,
  title={Factorization machines with libfm},
  author={Rendle, Steffen},
  journal={ACM Transactions on Intelligent Systems and Technology (TIST)},
  volume={3},
  number={3},
  pages={57},
  year={2012},
  publisher={ACM}
}
